<?xml version="1.0" encoding="UTF-8"?><collection xmlns="http://www.loc.gov/MARC21/slim"><record><leader>00437nam--2200145-i-4500</leader><controlfield tag="001">000036909</controlfield><controlfield tag="002">20161230</controlfield><controlfield tag="005">20161230201041</controlfield><controlfield tag="008">060222s1000------------r-----000-0-eng-d</controlfield><datafield ind1=" " ind2=" " tag="080"><subfield code="a">614.898:621.039.78:639.12.04</subfield></datafield><datafield ind1=" " ind2=" " tag="100"><subfield code="a">Price, B.T., Horton, C.C., Spinney, K.T</subfield></datafield><datafield ind1=" " ind2=" " tag="245"><subfield code="a">Radiation shielding</subfield></datafield><datafield ind1=" " ind2=" " tag="260"><subfield code="a">London, Pergamon Press, 1957, Ix + 350p</subfield></datafield><datafield ind1=" " ind2=" " tag="490"><subfield code="a">The International Series Of Monographs On Nuclear Energy</subfield></datafield><datafield ind1=" " ind2=" " tag="852"><subfield code="a">12828</subfield></datafield></record></collection>